
@Misc{cite1,
  key    = "web:bp1",
  author = "{David Šabata}",
  title =  "{Radiosita na GPU}",
  year = "{2011}",
  address = "{Brno}",
  note   = " Bakalářská práce. Vysoké Učení Technické v Brně, Fakulta Informačních Technologií."
}

@Misc{cite2,
  key    = "web:bp2",
  author = "{Jiří Janoušek}",
  title =  "{Realistické zobrazování pomocí radiozity}",
  year = "{2007}",
  address = "{Brno}",
  note   = "{Bakalářská práce. Vysoké Učení Technické v Brně, Fakulta Informačních Technologií.}"
}

@Misc{cite3,
  key    = "web:cite3",
  author = "{Laszlo Szirmay-Kalos}",
  title =  "{Theory of Three Dimensional Computer Graphics}",
  year = "{1996}",
  note = {Dostupné na \url{http://sirkan.iit.bme.hu/~szirmay/radiosit.pdf}}
}
