@Misc{Program:pismo,
    author = "Luk{\'{a}}{\v{s}} Chur{\'{y}}",
    title = "Typografie 2.\,d{\'{i}}l -- P{\'{i}}smo",
	howpublished = "online",
	revised = "Poslední změna 2006",
    cited = "17.\,4.\,2015",
    url = "http://programujte.com/clanek/2006110602-typografie-2-dil-pismo/"
}

@Misc{Typomil:kompozice,
    author = "Martin Pecina",
    title = "Kompozice",
	howpublished = "online",
	revised = "Poslední změna 2012",
    cited = "17.\,4.\,2015",
    url = "http://typomil.com/kompozice.htm"
}

@Misc{Typ:chyby,
    author = "Miroslav Sedlmajer",
    title = "Nej{\v{c}}ast{\v{e}}j{\v{s}}{\'{i}} chyby a jak se jim vyhnout",
	howpublished = "online",
	revised = "Poslední změna 2005",
    cited = "17.\,4.\,2015",
    url = "http://typografie.wz.cz/chyby.html"
}

@Book{Rybicka,
    author = {Ji{\v{r}}{\'{i}} Rybi{\v{c}}ka},
    title = {Latex pro za{\v{c}}{\'{a}}te{\v{c}}n{\'{i}}ky},
    address = "Brno",
    publisher = "Konvoj",
    year = "2003",
    volume = "3.~vyd.",
    isbn = "80-7302-049-1",  
}

@BOOK{Guide,
    author = "Kopka HELMUT and Patrick W. Daly",
    title = "A Guide to LATEX",
    address = "Boston",
    publisher = "Addison-Wesley",
    year = "1999",
    volume = "3.~vyd.",
    isbn = "02-013-9825-7",
}

@MasterThesis{Kubova,
    author = "Marcela Kubov{\'{a}}",
    title = "Kontrola typografie v Adobe InDesign",
    school = "ZCU",
    year = "2011",
    address = "Plze{\v{n}}",
    type = "Bakal{\'{a}}{\v{r}}sk{\'{a}} pr{\'{a}}ce",
}

@MasterThesis{Cerny,
    author = "Martin {\v{C}}ern{\'{y}}",
    title = "Znakov{\'{e}} sady v typografick{\'{y}}ch syst{\'{e}}mech",
    school = "PEF MENDELU",
    year = "1999",
    address = "Brno",
    type = "Diplomov{\'{a}} pr{\'{a}}ce",
}

@InProceedings{Tisk,
title = "Svět tisku",
booktitle = "měsíčník o tisku a předtiskové přípravě.",
address = "Praha",
publisher = "Svět tisku",
year = "2012",
isbn = "1212-4141",
}

@Article{Clanek2,
author = "Neznámý",
title = "Fluid Web typography: a guide.",
journal = "Choice Reviews Online",
year = "2010",
number = "09",
pages = "47",
issn = "47-4778",
}

@Article{Clanek1,
author = "HAUSMANN, Raoul a John CULLARS",
title = "Typography.",
journal = "Design Issues MIT Press",
year = "1998",
number = "3",
pages = "71-73",
issn = "10.2307/1511897",
}